@string{ijbem = {Int. J. of Bioelectromagnetism}}
@string{asilomar = {Asilomar Conf. on Sig., Sys. and Comp}}
@string{ieeetbme = {IEEE Trans. on Biomed. Eng.}}
@string{ieeetmi = {IEEE Trans. on Med. Imag.}}
@string{ieeetsp = {IEEE Trans. on Sig. Proc.}}
@string{invprob = {Inverse Problems}}
@string{sp = {Signal Processing}}
@string{jce = {J. of Cardiovas. Electrophy.}}% Journal of cardiovascular electrophysiology
@string{AmJPh = {Am. J. of Phys.}}% American Journal of physiology
@String{c-EMBS87 = "Proceedings of the IEEE Engineering in Medicine and Biology Society 9th Annual International Conference"}
@String{c-EMBS89 = "Proceedings of the IEEE Engineering in Medicine and Biology Society 11th Annual International Conference"}
